<?xml version="1.0" encoding="UTF-8"?><collection xmlns="http://www.loc.gov/MARC21/slim"><record><leader>00465nam--2200181-i-4500</leader><controlfield tag="001">000050274</controlfield><controlfield tag="002">20161230</controlfield><controlfield tag="005">20161230201048</controlfield><controlfield tag="008">060222s1000------------r-----000-0-rus-d</controlfield><datafield ind1=" " ind2=" " tag="040"><subfield code="a">IFIN-HH</subfield></datafield><datafield ind1=" " ind2=" " tag="041"><subfield code="a">rus</subfield></datafield><datafield ind1=" " ind2=" " tag="080"><subfield code="a">531.19:536.75</subfield></datafield><datafield ind1="1" ind2=" " tag="100"><subfield code="a">Balesku,R</subfield></datafield><datafield ind1="1" ind2="0" tag="245"><subfield code="a">Ravnovesnaia i neravnovesnaia statisticheskaia mehanika</subfield><subfield code="b">Tom 2</subfield><subfield code="c">R. Balesku</subfield></datafield><datafield ind1=" " ind2=" " tag="260"><subfield code="a">Moskva, Izd.Mir, 1978</subfield></datafield><datafield ind1=" " ind2=" " tag="300"><subfield code="a">405 S</subfield></datafield><datafield ind1=" " ind2=" " tag="852"><subfield code="a">46763</subfield><subfield code="c">531</subfield></datafield><datafield ind1=" " ind2=" " tag="CAT"><subfield code="a">Sys</subfield><subfield code="c">20100630</subfield><subfield code="h">094652</subfield></datafield></record></collection>